@article{2017arXiv170304247G,
author = {{Guo}, Huifeng and {Tang}, Ruiming and {Ye}, Yunming and {Li}, Zhenguo and {He}, Xiuqiang},
title = "{DeepFM: A Factorization-Machine based Neural Network for CTR Prediction}",
journal = {arXiv e-prints},
keywords = {Computer Science - Information Retrieval, Computer Science - Computation and Language},
year = 2017,
month = mar,
eid = {arXiv:1703.04247},
pages = {arXiv:1703.04247},
doi = {10.48550/arXiv.1703.04247},
archivePrefix = {arXiv},
eprint = {1703.04247},
primaryClass = {cs.IR},
adsurl = {https://ui.adsabs.harvard.edu/abs/2017arXiv170304247G},
adsnote = {Provided by the SAO/NASA Astrophysics Data System}
}
